<?xml version="1.0" encoding="UTF-8"?><collection><record><leader>02802ntm a2200385 a 4500</leader><controlfield tag="001">002641742</controlfield><controlfield tag="003">MiAaHDL</controlfield><controlfield tag="005">20190719000000.0</controlfield><controlfield tag="006">m        d        </controlfield><controlfield tag="007">cr bn ---auaua</controlfield><controlfield tag="008">930712s1369    xx            00||  ara d</controlfield><datafield tag="035" ind1=" " ind2=" "><subfield code="a">(MiU)002641742</subfield></datafield><datafield tag="035" ind1=" " ind2=" "><subfield code="a">sdr-miu002641742</subfield></datafield><datafield tag="035" ind1=" " ind2=" "><subfield code="a">(OCoLC)34366825</subfield></datafield><datafield tag="035" ind1=" " ind2=" "><subfield code="a">(RLIN)MIUH93-A212</subfield></datafield><datafield tag="040" ind1=" " ind2=" "><subfield code="a">MiU</subfield><subfield code="c">MiU</subfield><subfield code="e">appm</subfield></datafield><datafield tag="100" ind1="0" ind2=" "><subfield code="6">880-01</subfield><subfield code="a">Nawawī,</subfield><subfield code="d">1233-1277.</subfield></datafield><datafield tag="240" ind1="1" ind2="0"><subfield code="6">880-02</subfield><subfield code="a">Adhkār</subfield></datafield><datafield tag="245" ind1="1" ind2="0"><subfield code="6">880-03</subfield><subfield code="a">Kitāb al-adhkār :</subfield><subfield code="k">manuscript,</subfield><subfield code="f">[1369] /</subfield><subfield code="c">taʾlīf al-shaykh al-imām al-ʻālim al-fāḍil al-ḥibr al-baḥr al-ḥāfiẓ al-ʻallāmah Abī Zakarīyā Muḥyī al-Dīn Yaḥyá ibn Sharaf ibn Mirá al-Nawawī.</subfield></datafield><datafield tag="300" ind1=" " ind2=" "><subfield code="a">1</subfield><subfield code="f">v. ([416] p.) ;</subfield><subfield code="c">27 cm.</subfield></datafield><datafield tag="500" ind1=" " ind2=" "><subfield code="a">Title page (p. [9]) illuminated; text rubricated; marginal corrections in hand of copyist; table of contents supplied in later (?) hand; on p. [416], praises to God in another hand.</subfield></datafield><datafield tag="500" ind1=" " ind2=" "><subfield code="a">... Aḥmad ibn Muḥammad ibn Aḥmad ibn al-shaykh ʻAbd al-Raḥmān al-shahīr bi-ibn al-Z[...?].</subfield></datafield><datafield tag="500" ind1=" " ind2=" "><subfield code="a">Date of composition and copying and copyist's name in colophon: qāla muṣannifuhu Yaḥyá ... faraghtu min jamʻihi fī al-Muḥarram sanat sabaʻ wa-sittīn wa-sittumiʾah [i.e. September-October 1268] ... qūbilat hādhihi al-nuskhah al-mubārakah ʻalá nuskhah qūbilat ʻalá nuskhah lil-muṣannif ... wa-wāfaqa al-farāgh min taʻlīqihā fī fī nahār al-sabt al-sābiʻ wa-al-ʻishrīn min shahr Ramaḍān al-muʻaẓẓam qadaruhu sanat sabʻīn wa-sabaʻ miʾah min al-hijrah [i.e. 5 May 1369] ... ʻalá yad</subfield></datafield><datafield tag="510" ind1="4" ind2=" "><subfield code="a">GAL,</subfield><subfield code="c">v. I, p. 501</subfield></datafield><datafield tag="520" ind1=" " ind2=" "><subfield code="a">Commentary on selected prophetic traditions.</subfield></datafield><datafield tag="538" ind1=" " ind2=" "><subfield code="a">Mode of access: Internet.</subfield></datafield><datafield tag="541" ind1=" " ind2=" "><subfield code="d">1924</subfield><subfield code="3">Manuscript</subfield><subfield code="a">Anonymous</subfield><subfield code="c">Purchase, 1924</subfield><subfield code="h">$50.00</subfield></datafield><datafield tag="545" ind1=" " ind2=" "><subfield code="a">One of the greatest authorities of the Shāfiʻī school; author of a famous biographical dictionary.</subfield></datafield><datafield tag="561" ind1=" " ind2=" "><subfield code="a">Purchased in Cairo, 1924. On p. [1], owners' names: al-faqīr Muḥammad al-Asʻad ibn Muftī Zādah/al-Ḥājj Aḥmad al-Qurrah Ḥuṣārī[?] al-Ṣāḥibī[?]; on p. [1], owner's seal (not identified); Once part of the personal manuscript collection of Sultan Abdülhamid II of Turkey.</subfield></datafield><datafield tag="650" ind1=" " ind2="0"><subfield code="a">Hadith</subfield><subfield code="y">Early works to 1800.</subfield></datafield><datafield tag="650" ind1=" " ind2="0"><subfield code="a">Manuscripts, Arabic</subfield><subfield code="z">Michigan</subfield><subfield code="z">Ann Arbor.</subfield></datafield><datafield tag="700" ind1="0" ind2=" "><subfield code="a">Abdülhamid</subfield><subfield code="b">II,</subfield><subfield code="c">Sultan of the Turks,</subfield><subfield code="d">1842-1918,</subfield><subfield code="e">former owner.</subfield></datafield><datafield tag="773" ind1="0" ind2=" "><subfield code="a">Abdul Hamid Collection.</subfield><subfield code="7">unbc</subfield><subfield code="w">(CStRLIN)MIUH93-A187.</subfield></datafield><datafield tag="880" ind1="1" ind2="0"><subfield code="6">245-03/</subfield><subfield code="a">كتاب الأذكار :</subfield><subfield code="k">manuscript،</subfield><subfield code="f">[1369] /</subfield><subfield code="c">تأليف الشيخ الأمام العالم الفاضل الحبر البحر الحافظ العلامة أبي زكريا محي الدين يحيى بن شرف بن مرى النووي.</subfield></datafield><datafield tag="880" ind1="1" ind2="0"><subfield code="6">240-02/</subfield><subfield code="a">أذكار</subfield></datafield><datafield tag="880" ind1="0" ind2=" "><subfield code="6">100-01/</subfield><subfield code="a">نووي.</subfield></datafield><datafield tag="CID" ind1=" " ind2=" "><subfield code="a">002641742</subfield></datafield><datafield tag="DAT" ind1="0" ind2=" "><subfield code="a">20190719102633.0</subfield><subfield code="b">20190719000000.0</subfield></datafield><datafield tag="DAT" ind1="1" ind2=" "><subfield code="a">20190719090653.0</subfield><subfield code="b">2019-07-19T16:10:47Z</subfield></datafield><datafield tag="DAT" ind1="2" ind2=" "><subfield code="a">2015-10-02T18:00:03Z</subfield></datafield><datafield tag="CAT" ind1=" " ind2=" "><subfield code="a">SDR-MIU</subfield><subfield code="d">EX LIBRIS - ALEPH</subfield><subfield code="l">prepare.pl-004-008</subfield></datafield><datafield tag="FMT" ind1=" " ind2=" "><subfield code="a">BK</subfield></datafield><datafield tag="HOL" ind1=" " ind2=" "><subfield code="0">sdr-miu002641742</subfield><subfield code="a">MiU</subfield><subfield code="b">SDR</subfield><subfield code="c">MIU</subfield><subfield code="p">mdp.39015081446208</subfield><subfield code="s">MIU</subfield><subfield code="1">002641742</subfield></datafield><datafield tag="974" ind1=" " ind2=" "><subfield code="b">MIU</subfield><subfield code="c">MIU</subfield><subfield code="d">20190719</subfield><subfield code="s">lit-dlps-dc</subfield><subfield code="u">mdp.39015081446208</subfield><subfield code="y">1369</subfield><subfield code="r">pd</subfield><subfield code="q">bib</subfield><subfield code="t">non-US bib date1 &lt; 1879</subfield></datafield></record></collection>